@Book{BaddEtal16,
  author    = {Rolf Turner, Ege Rubak, Adrian Baddeley},
  title     = {Spatial Point Patterns - Methodology and Applications with R},
  year      = {2016},
  isbn      = {978-1-4822-1021-7},
  pages     = {810},
  publisher = {CRC Press}
}

@misc{FAQspatstat,
author = {Scott Chacon},
title = { Spatstat analysing spatial point patterns - FAQ},
  howpublished = {\url{http://spatstat.org/FAQ.html}}
}

@misc{vector,
author = {cppreference.com},
title = {Description de l'objet std::vector},
  howpublished = {\url{http://fr.cppreference.com/w/cpp/container/vector}}
}

@misc{sort,
author = {en.wikipedia.org},
title = {Description du tri std::sort},
  howpublished = {\url{https://en.wikipedia.org/wiki/Sort_(C\%2B\%2B)\#Complexity_and_implementations}}
}

@misc{PerfSort,
author = {Hélène Toussaint},
title = {Performances et efficacité du std::sort},
  howpublished = {\url{https://www.isima.fr/~toussain/doc/sort_c++.pdf}}
}

@misc{Presentation,
author = {iecl.univ-lorraine.fr},
title = {Présentation de l'institut Elie Cartan},
  howpublished = {\url{http://www.iecl.univ-lorraine.fr/index.php/presentation/}}
}


@misc{Gauss,
author = { R. Fisher, S. Perkins, A. Walker and E. Wolfart.},
title = {Image d'une fonction gaussienne en 2 dimensions},
  howpublished = {\url{https://homepages.inf.ed.ac.uk/rbf/HIPR2/gsmooth.htm}}
}

@misc{Integrales,
author = { fr.wikipedia.org },
title = {Comparatif des méthodes de calcul numérique d'intégral},
  howpublished = {\url{https://fr.wikipedia.org/wiki/Calcul_num\%C3\%A9rique_d\%27une_int\%C3\%A9grale\#Tableau_comparatif}}
}

@misc{Rohmberg,
author = {Hubert Klein},
title = { Méthode de Romberg},
  howpublished = {\url{http://www.cinam.univ-mrs.fr/klein/teach/mip/numeriq/node36.html}}
}
