% This file was created with JabRef 2.8.1.
% Encoding: UTF8

@Book{BaddEtal16,
  author    = {Baddeley},
  title     = {Spatial Point Patterns - Methodology and Applications with R},
  year      = {2016},
  isbn      = {978-1-4822-1021-7},
  pages     = {810},
  publisher = {CRC Press}
}

@misc{FAQspatstat,
author = {Scott Chacon},
title = { Spatstat analysing spatial point patterns - FAQ},
  howpublished = {\url{http://spatstat.org/FAQ.html}}
}

